<?xml version="1.0" encoding="UTF-8"?>
  <record xmlns="http://www.loc.gov/MARC21/slim" type="Authority">
    <leader>00000nz  a2200000nc 4500</leader>
    <controlfield tag="001">11864422X</controlfield>
    <controlfield tag="003">DE-101</controlfield>
    <controlfield tag="005">20160727022713.0</controlfield>
    <controlfield tag="008">880701n||azznnaabn           | aaa    |c</controlfield>
    <datafield tag="024" ind1="7" ind2=" ">
      <subfield code="a">11864422X</subfield>
      <subfield code="0">http://d-nb.info/gnd/11864422X</subfield>
      <subfield code="2">gnd</subfield>
    </datafield>
    <datafield tag="035" ind1=" " ind2=" ">
      <subfield code="a">(DE-101)11864422X</subfield>
    </datafield>
    <datafield tag="035" ind1=" " ind2=" ">
      <subfield code="a">(DE-588)11864422X</subfield>
    </datafield>
    <datafield tag="035" ind1=" " ind2=" ">
      <subfield code="z">(DE-588)1089910924</subfield>
    </datafield>
    <datafield tag="035" ind1=" " ind2=" ">
      <subfield code="z">(DE-588)1089775571</subfield>
    </datafield>
    <datafield tag="035" ind1=" " ind2=" ">
      <subfield code="z">(DE-588)1089153201</subfield>
    </datafield>
    <datafield tag="035" ind1=" " ind2=" ">
      <subfield code="z">(DE-588)186349815</subfield>
    </datafield>
    <datafield tag="035" ind1=" " ind2=" ">
      <subfield code="z">(DE-588a)186349815</subfield>
      <subfield code="9">v:zg</subfield>
    </datafield>
    <datafield tag="035" ind1=" " ind2=" ">
      <subfield code="z">(DE-588)174117892</subfield>
    </datafield>
    <datafield tag="035" ind1=" " ind2=" ">
      <subfield code="z">(DE-588a)174117892</subfield>
      <subfield code="9">v:zg</subfield>
    </datafield>
    <datafield tag="035" ind1=" " ind2=" ">
      <subfield code="z">(DE-588)174049404</subfield>
    </datafield>
    <datafield tag="035" ind1=" " ind2=" ">
      <subfield code="z">(DE-588a)174049404</subfield>
      <subfield code="9">v:zg</subfield>
    </datafield>
    <datafield tag="035" ind1=" " ind2=" ">
      <subfield code="z">(DE-588a)11864422X</subfield>
      <subfield code="9">v:zg</subfield>
    </datafield>
    <datafield tag="035" ind1=" " ind2=" ">
      <subfield code="z">(DE-588a)11960292X</subfield>
    </datafield>
    <datafield tag="035" ind1=" " ind2=" ">
      <subfield code="z">(DE-588c)4079981-5</subfield>
      <subfield code="9">v:zg</subfield>
    </datafield>
    <datafield tag="040" ind1=" " ind2=" ">
      <subfield code="a">DE-101</subfield>
      <subfield code="c">DE-101</subfield>
      <subfield code="9">r:DE-101</subfield>
      <subfield code="b">ger</subfield>
      <subfield code="d">9999</subfield>
    </datafield>
    <datafield tag="042" ind1=" " ind2=" ">
      <subfield code="a">gnd1</subfield>
    </datafield>
    <datafield tag="043" ind1=" " ind2=" ">
      <subfield code="c">XA-FR</subfield>
    </datafield>
    <datafield tag="065" ind1=" " ind2=" ">
      <subfield code="a">4.7p</subfield>
      <subfield code="2">sswd</subfield>
    </datafield>
    <datafield tag="065" ind1=" " ind2=" ">
      <subfield code="a">3.6p</subfield>
      <subfield code="2">sswd</subfield>
    </datafield>
    <datafield tag="065" ind1=" " ind2=" ">
      <subfield code="a">12.2p</subfield>
      <subfield code="2">sswd</subfield>
    </datafield>
    <datafield tag="075" ind1=" " ind2=" ">
      <subfield code="b">p</subfield>
      <subfield code="2">gndgen</subfield>
    </datafield>
    <datafield tag="075" ind1=" " ind2=" ">
      <subfield code="b">piz</subfield>
      <subfield code="2">gndspec</subfield>
    </datafield>
    <datafield tag="079" ind1=" " ind2=" ">
      <subfield code="a">g</subfield>
      <subfield code="q">s</subfield>
      <subfield code="q">f</subfield>
      <subfield code="q">n</subfield>
      <subfield code="u">v</subfield>
      <subfield code="u">w</subfield>
      <subfield code="u">o</subfield>
    </datafield>
    <datafield tag="100" ind1="0" ind2=" ">
      <subfield code="a">Alanus</subfield>
      <subfield code="c">ab Insulis</subfield>
      <subfield code="d">1120-1202</subfield>
    </datafield>
    <datafield tag="400" ind1="0" ind2=" ">
      <subfield code="a">Alan</subfield>
      <subfield code="c">of Lille</subfield>
      <subfield code="d">1120-1202</subfield>
    </datafield>
    <datafield tag="400" ind1="0" ind2=" ">
      <subfield code="a">Alanus</subfield>
      <subfield code="c">de Podio</subfield>
      <subfield code="d">1120-1202</subfield>
    </datafield>
    <datafield tag="400" ind1="0" ind2=" ">
      <subfield code="a">Alanus</subfield>
      <subfield code="c">Insulensis</subfield>
      <subfield code="d">1120-1202</subfield>
    </datafield>
    <datafield tag="400" ind1="0" ind2=" ">
      <subfield code="a">Alanus</subfield>
      <subfield code="c">Magister</subfield>
      <subfield code="d">1120-1202</subfield>
    </datafield>
    <datafield tag="400" ind1="0" ind2=" ">
      <subfield code="a">Alanus</subfield>
      <subfield code="c">Magnus</subfield>
      <subfield code="d">1120-1202</subfield>
    </datafield>
    <datafield tag="400" ind1="0" ind2=" ">
      <subfield code="a">Alanus</subfield>
      <subfield code="c">Porretanus</subfield>
      <subfield code="d">1120-1202</subfield>
    </datafield>
    <datafield tag="400" ind1="1" ind2=" ">
      <subfield code="a">Lille, Alain &#152;de&#156;</subfield>
      <subfield code="d">1120-1202</subfield>
    </datafield>
    <datafield tag="400" ind1="0" ind2=" ">
      <subfield code="a">Alanus</subfield>
      <subfield code="c">Maistre</subfield>
      <subfield code="d">1120-1202</subfield>
    </datafield>
    <datafield tag="400" ind1="0" ind2=" ">
      <subfield code="a">Alanus</subfield>
      <subfield code="c">van Ryssel</subfield>
      <subfield code="d">1120-1202</subfield>
    </datafield>
    <datafield tag="400" ind1="0" ind2=" ">
      <subfield code="a">Alanus</subfield>
      <subfield code="c">de Lille</subfield>
      <subfield code="d">1120-1202</subfield>
    </datafield>
    <datafield tag="400" ind1="0" ind2=" ">
      <subfield code="a">Alanus</subfield>
      <subfield code="c">de Monte Pessulano</subfield>
      <subfield code="d">1120-1202</subfield>
    </datafield>
    <datafield tag="400" ind1="0" ind2=" ">
      <subfield code="a">Alain</subfield>
      <subfield code="c">de Montpellier</subfield>
      <subfield code="d">1120-1202</subfield>
    </datafield>
    <datafield tag="400" ind1="0" ind2=" ">
      <subfield code="a">Alain</subfield>
      <subfield code="c">du Puy</subfield>
      <subfield code="d">1120-1202</subfield>
    </datafield>
    <datafield tag="400" ind1="0" ind2=" ">
      <subfield code="a">Pseudo-Alanus</subfield>
      <subfield code="c">ab Insulis</subfield>
      <subfield code="d">1120-1202</subfield>
    </datafield>
    <datafield tag="400" ind1="0" ind2=" ">
      <subfield code="a">Ollanus</subfield>
      <subfield code="d">1120-1202</subfield>
    </datafield>
    <datafield tag="400" ind1="0" ind2=" ">
      <subfield code="a">Alanus</subfield>
      <subfield code="c">aus Lille</subfield>
      <subfield code="d">1120-1202</subfield>
      <subfield code="9">v:(VD-16)</subfield>
    </datafield>
    <datafield tag="400" ind1="0" ind2=" ">
      <subfield code="a">Anticlaudianus</subfield>
      <subfield code="d">1120-1202</subfield>
      <subfield code="4">pseu</subfield>
      <subfield code="4">https://d-nb.info/standards/elementset/gnd#pseudonym</subfield>
      <subfield code="w">r</subfield>
      <subfield code="i">Pseudonym</subfield>
      <subfield code="e">Pseudonym</subfield>
    </datafield>
    <datafield tag="400" ind1="0" ind2=" ">
      <subfield code="a">Alano</subfield>
      <subfield code="c">di Lilla</subfield>
      <subfield code="d">1120-1202</subfield>
    </datafield>
    <datafield tag="400" ind1="0" ind2=" ">
      <subfield code="a">Alain</subfield>
      <subfield code="c">de Lille</subfield>
      <subfield code="d">1120-1202</subfield>
    </datafield>
    <datafield tag="400" ind1="0" ind2=" ">
      <subfield code="a">Alain</subfield>
      <subfield code="c">von Lille</subfield>
      <subfield code="d">1120-1202</subfield>
    </datafield>
    <datafield tag="400" ind1="0" ind2=" ">
      <subfield code="a">Alanus</subfield>
      <subfield code="c">Anglicus</subfield>
      <subfield code="d">1120-1202</subfield>
    </datafield>
    <datafield tag="400" ind1="0" ind2=" ">
      <subfield code="a">Alanus</subfield>
      <subfield code="c">de Insulis</subfield>
      <subfield code="d">1120-1202</subfield>
    </datafield>
    <datafield tag="400" ind1="0" ind2=" ">
      <subfield code="a">Alanus</subfield>
      <subfield code="c">de Ryssel</subfield>
      <subfield code="d">1120-1202</subfield>
    </datafield>
    <datafield tag="400" ind1="1" ind2=" ">
      <subfield code="a">Insulis, Alanus &#152;ab&#156;</subfield>
      <subfield code="d">1120-1202</subfield>
    </datafield>
    <datafield tag="500" ind1="0" ind2=" ">
      <subfield code="0">(DE-101)100830145</subfield>
      <subfield code="0">(DE-588)100830145</subfield>
      <subfield code="0">https://d-nb.info/gnd/100830145</subfield>
      <subfield code="a">Bernardus</subfield>
      <subfield code="c">Trevisanus</subfield>
      <subfield code="d">1406-1490</subfield>
      <subfield code="4">beza</subfield>
      <subfield code="4">https://d-nb.info/standards/elementset/gnd#acquaintanceshipOrFriendship</subfield>
      <subfield code="w">r</subfield>
      <subfield code="i">Bekanntschaft</subfield>
      <subfield code="e">Bekanntschaft</subfield>
      <subfield code="9">v:VD-16 Mitverf.</subfield>
    </datafield>
    <datafield tag="500" ind1="1" ind2=" ">
      <subfield code="0">(DE-101)119695553</subfield>
      <subfield code="0">(DE-588)119695553</subfield>
      <subfield code="0">https://d-nb.info/gnd/119695553</subfield>
      <subfield code="a">Gyer, Johann</subfield>
      <subfield code="4">beza</subfield>
      <subfield code="4">https://d-nb.info/standards/elementset/gnd#acquaintanceshipOrFriendship</subfield>
      <subfield code="w">r</subfield>
      <subfield code="i">Bekanntschaft</subfield>
      <subfield code="e">Bekanntschaft</subfield>
      <subfield code="9">v:VD-16 Mitverf.</subfield>
    </datafield>
    <datafield tag="500" ind1="1" ind2=" ">
      <subfield code="0">(DE-101)117421359</subfield>
      <subfield code="0">(DE-588)117421359</subfield>
      <subfield code="0">https://d-nb.info/gnd/117421359</subfield>
      <subfield code="a">Toxites, Michael</subfield>
      <subfield code="d">1515-1581</subfield>
      <subfield code="4">beza</subfield>
      <subfield code="4">https://d-nb.info/standards/elementset/gnd#acquaintanceshipOrFriendship</subfield>
      <subfield code="w">r</subfield>
      <subfield code="i">Bekanntschaft</subfield>
      <subfield code="e">Bekanntschaft</subfield>
      <subfield code="9">v:VD-16 Mitverf.</subfield>
    </datafield>
    <datafield tag="548" ind1=" " ind2=" ">
      <subfield code="a">1120-1202</subfield>
      <subfield code="4">datl</subfield>
      <subfield code="4">https://d-nb.info/standards/elementset/gnd#dateOfBirthAndDeath</subfield>
      <subfield code="w">r</subfield>
      <subfield code="i">Lebensdaten</subfield>
      <subfield code="9">v:anderslt. Geburtsjahr ca. 1128</subfield>
    </datafield>
    <datafield tag="667" ind1=" " ind2=" ">
      <subfield code="a">VD-17</subfield>
    </datafield>
    <datafield tag="667" ind1=" " ind2=" ">
      <subfield code="a">12-PMA</subfield>
    </datafield>
    <datafield tag="667" ind1=" " ind2=" ">
      <subfield code="a">12</subfield>
    </datafield>
    <datafield tag="667" ind1=" " ind2=" ">
      <subfield code="a">7</subfield>
    </datafield>
    <datafield tag="667" ind1=" " ind2=" ">
      <subfield code="a">VD-16</subfield>
    </datafield>
    <datafield tag="667" ind1=" " ind2=" ">
      <subfield code="a">Quelle: DNB-Normdaten/KIDS (Info. DNB: Lebensdaten: 1120-1202)</subfield>
    </datafield>
    <datafield tag="670" ind1=" " ind2=" ">
      <subfield code="a">M; Tusculum-Lexikon; LThK; CSGL; LMA,I,268/269; VL(2),1,97/102</subfield>
    </datafield>
    <datafield tag="672" ind1=" " ind2="0">
      <subfield code="a">Alanus &lt;ab Insulis&gt;: Opera moralia, paraenetica et polemica. - 1654</subfield>
    </datafield>
    <datafield tag="672" ind1=" " ind2="0">
      <subfield code="a">Alanus &lt;ab Insulis&gt;: Les paraboles de Maistre Alain</subfield>
    </datafield>
    <datafield tag="672" ind1=" " ind2="0">
      <subfield code="a">Alanus &lt;ab Insulis&gt;: The complaint of nature. - 1908</subfield>
    </datafield>
    <datafield tag="672" ind1=" " ind2="0">
      <subfield code="a">Alanus &lt;ab Insulis&gt;: Opera. - 1654</subfield>
    </datafield>
    <datafield tag="672" ind1=" " ind2="0">
      <subfield code="a">ALanus de Parabolis.alʿs Doctrinale altum.cũ luculenta glosarum expositione. ... .  1505.  (VD16 A 1221)</subfield>
    </datafield>
    <datafield tag="672" ind1=" " ind2="0">
      <subfield code="a">Alani prouerbia cum exponibilib\[us] sentencijs diligenter correcta..  1507.  (VD16 A 1223)</subfield>
    </datafield>
    <datafield tag="672" ind1=" " ind2="0">
      <subfield code="a">Alani proverbia cum exponibilibus sententijs diligenter correcta.  1516.  (VD16 A 1228)</subfield>
    </datafield>
    <datafield tag="672" ind1=" " ind2="0">
      <subfield code="a">Tractatulus Magistri Alani:De Sex Aies Cherubin..  1505.  (VD16 A 1231)</subfield>
    </datafield>
    <datafield tag="672" ind1=" " ind2="0">
      <subfield code="a">Alanus metricus in parabolis cum optima ex positione .  1502.  (VD16 A 1219)</subfield>
    </datafield>
    <datafield tag="672" ind1=" " ind2="0">
      <subfield code="a">Parabole Alani seu Doctrinale altum.Cum luculenta carminum ac sententiarum expositione.  1519.  (VD16 A 1229)</subfield>
    </datafield>
    <datafield tag="672" ind1=" " ind2="0">
      <subfield code="a">ANTICLAVDIANI SINGVLARI FEstiuitate,lepore &amp; elegantia Poe͏̈tae libri IX,non credibili ...  1536.  (VD16 A 1216)</subfield>
    </datafield>
    <datafield tag="672" ind1=" " ind2="0">
      <subfield code="a">Libellus metricus de contemptu mundi. Moralitates faceti. Parabolae Alani cum familiari commentariolo constructioneque diligentius impressae.  1513.  (VD16 C 4968)</subfield>
    </datafield>
    <datafield tag="672" ind1=" " ind2="0">
      <subfield code="a">Alanus de parabolis,alias Doctrinale altum,cum luculenta.glossarum expositione.  1507.  (VD16 A 1222)</subfield>
    </datafield>
    <datafield tag="672" ind1=" " ind2="0">
      <subfield code="a">Magistri Alani optimi viri liber de penitentia. Confitentibus \[et] confessiones ...  1518.  (VD16 A 1230)</subfield>
    </datafield>
    <datafield tag="678" ind1=" " ind2=" ">
      <subfield code="b">Identität mit Alanus &lt;de Podio&gt; (Verf. von "Contra haereticos") und Alanus &lt;Porretanus&gt; ("Regulae iuris caelestis") umstritten; Franz. scholast. Philosoph, Theologe u. Dichter</subfield>
    </datafield>
    <datafield tag="913" ind1=" " ind2=" ">
      <subfield code="S">pnd</subfield>
      <subfield code="i">5</subfield>
      <subfield code="a">Alanus &lt;ab Insulis&gt;</subfield>
      <subfield code="0">(DE-588a)11864422X</subfield>
    </datafield>
    <datafield tag="913" ind1=" " ind2=" ">
      <subfield code="S">pnd</subfield>
      <subfield code="i">5</subfield>
      <subfield code="a">Alanus &lt;ab Insulis&gt;</subfield>
      <subfield code="0">(DE-588a)174049404</subfield>
    </datafield>
    <datafield tag="913" ind1=" " ind2=" ">
      <subfield code="S">pnd</subfield>
      <subfield code="i">5</subfield>
      <subfield code="a">Alanus &lt;ab Insulis&gt;</subfield>
      <subfield code="0">(DE-588a)174117892</subfield>
    </datafield>
    <datafield tag="913" ind1=" " ind2=" ">
      <subfield code="S">pnd</subfield>
      <subfield code="i">5</subfield>
      <subfield code="a">Alanus &lt;Ab Insulis&gt;</subfield>
      <subfield code="0">(DE-588a)186349815</subfield>
    </datafield>
  </record>
